@article{breto09, xdoi={10.1214/08-AOAS201},
author = "Bret\'{o}, C. and He, D. and Ionides, E. L. and King, A. A.",
year = 2009,
title = "Time Series Analysis via Mechanistic Models",
journal = {Annals of Applied Statistics},
volume = 3,
pages = "319--348"
}

@article{he10, xdoi={10.1098/rsif.2009.0151},
author = {He, D. and Ionides, E. L. and King, A. A.},
year = 2010,
title = {Plug-and-play inference for disease dynamics:
  Measles in large and small towns as a case study},
journal = {Journal of the Royal Society Interface},
volume = {7},
pages = {271--283}
}

@article{Akaike1974ANL,
  title={A new look at the statistical model identification},
  author={Hirotugu Akaike},
  journal={IEEE Transactions on Automatic Control},
  year={1974},
  volume={19},
  pages={716-723},
  url={https://api.semanticscholar.org/CorpusID:411526}
}

@article{gneiting2,
author = {Tilmann Gneiting and Adrian E Raftery},
title = {Strictly proper scoring rules, prediction, and estimation},
journal = {Journal of the American Statistical Association},
volume = {102},
number = {477},
pages = {359--378},
year = {2007},
publisher = {Taylor \& Francis}

}



@article{gneiting1,
    author = {Gneiting, Tilmann and Balabdaoui, Fadoua and Raftery, Adrian E.},
    title = "{Probabilistic forecasts, calibration and sharpness}",
    journal = {Journal of the Royal Statistical Society Series B: Statistical Methodology},
    volume = {69},
    number = {2},
    pages = {243-268},
    year = {2007},
    month = {03}
}

@article{pomppackagepaper,
 title={Statistical Inference for Partially Observed {M}arkov Processes via the {R} Package pomp},
 volume={69},
 number={12},
 journal={Journal of Statistical Software},
 author={King, Aaron A. and Nguyen, Dao and Ionides, Edward L.},
 year={2016},
 pages={1–43}
}

@ARTICLE{bayesiandoucet,
  title    = "On sequential {M}onte {C}arlo sampling methods for {B}ayesian filtering",
  author   = "Doucet, Arnaud and Godsill, Simon and Andrieu, Christophe",
  journal  = "Statistics and Computing",
  volume   =  10,
  number   =  3,
  pages    = "197--208",
  month    =  jul,
  year     =  2000
}



@book{Doucet,
author="Doucet, Arnaud
and de Freitas, Nando
and Gordon, Neil",
title="Sequential {M}onte {C}arlo Methods in Practice",
year="2001",
publisher="Springer New York",
address="New York, NY"
}

@book{AndersonMoore1979,
  author    = {Brian D. O. Anderson and John B. Moore},
  title     = {Optimal Filtering},
  publisher = {Prentice-Hall},
  year      = {1979},
  address   = {Englewood Cliffs, NJ}
}


@ARTICLE{Pitt1999-volatility,
  title     = "Filtering via Simulation: Auxiliary Particle Filters",
  author    = "Pitt, Michael K and Shephard, Neil",
  journal   = "Journal of the American Statistical Association",
  publisher = "[American Statistical Association, Taylor \& Francis, Ltd.]",
  volume    =  94,
  number    =  446,
  pages     = "590--599",
  year      =  1999
}



@ARTICLE{gordon1993,
   author = {N.J. Gordon and D.J. Salmond and A.F.M. Smith},
   title = {Novel approach to nonlinear/non-{G}aussian {B}ayesian state estimation},
   journal = {IEE Proceedings F (Radar and Signal Processing)},
   issue = {2},   
   volume = {140},
   year = {1993},
   month = {April},
   pages = {107-113(6)},
   publisher ={}
}

@book{Chopin, place={Cham, Switzerland}, edition={1st}, series={Springer Series in Statistics, 0172-7397}, title={An introduction to Sequential {M}onte {C}arlo}, publisher={Springer}, author={Chopin, Nicolas and Papaspiliopoulos, Omiros}, year={2020}, collection={Springer Series in Statistics, 0172-7397} }

@book{liujun,
author = {Liu, Jun S.},
title = {Monte {C}arlo Strategies in Scientific Computing},
year = {2008},
publisher = {Springer Publishing Company, Incorporated}
}


@article{pmcmc,
    author = {Andrieu, Christophe and Doucet, Arnaud and Holenstein, Roman},
    title = "{Particle {M}arkov chain {M}onte {C}arlo methods}",
    journal = {Journal of the Royal Statistical Society Series B: Statistical Methodology},
    volume = {72},
    number = {3},
    pages = {269-342},
    year = {2010},
    month = {05} 
}


@article{stocks,
    author = {Stocks, Theresa and Britton, Tom and Höhle, Michael},
    title = "{Model selection and parameter estimation for dynamic epidemic models via iterated filtering: application to rotavirus in {G}ermany}",
    journal = {Biostatistics},
    volume = {21},
    number = {3},
    pages = {400-416},
    year = {2018},
    month = {09}
}

@article{daihai,
author = {He, Daihai  and Ionides, Edward L.  and King, Aaron A. },
title = {Plug-and-play inference for disease dynamics: measles in large and small populations as a case study},
journal = {Journal of The Royal Society Interface},
volume = {7},
number = {43},
pages = {271-283},
year = {2010}
}

@article{wwr,
    author = {Whitehouse, Michael and Whiteley, Nick and Rimella, Lorenzo},
    title = "{Consistent and fast inference in compartmental models of epidemics using {P}oisson {A}pproximate {L}ikelihoods}",
    journal = {Journal of the Royal Statistical Society Series B: Statistical Methodology},
    volume = {85},
    number = {4},
    pages = {1173-1203},
    year = {2023},
    month = {07}
}

@misc{hao24,
author={Hao, Yize},
title={{PAL} versus {SMC}: Two Approaches in Compartmental Modeling. A case study with rotavirus in {G}ermany during 2001-2008},
year={2024},
howpublished={University of Michigan Honors Thesis (\url{https://dx.doi.org/10.7302/23434})}
}

@Article{wheeler24,
  year={2024},
  journal={PLOS Computational Biology},
  volume={20},
  pages={e1012032},
  title={Informing Policy via Dynamic Models: Cholera in {H}aiti},
  author={Wheeler, Jesse AND Rosengart, Anna AND Zhuxun, Jiang AND Tan, Kevin Hao En AND Treutle, Noah AND Ionides, Edward L.},
}

@article{li24,
  title={Inference on spatiotemporal dynamics for networks of biological populations},
  author={Li, Jifan and Ionides, Edward L and King, Aaron A and Pascual, Mercedes and Ning, Ning},
  journal={Journal of the Royal Society Interface},
  url={https://doi.org/10.1098/rsif.2024.0217},
  doi={10.1098/rsif.2024.0217},
  volume=21,
  number=216,
  pages= 20240217,
  xjournal={arXiv:2311.06702},
  year={2024}
}

